%% This BibTeX bibliography file was created using BibDesk.
%% http://bibdesk.sourceforge.net/


%% Created for Lauro Cesar Araujo at 2015-04-27 19:43:45 -0300 


%% Saved with string encoding Unicode (UTF-8) 



@article{a:tecnologia_empresa_2024,
  title     = {O uso da tecnologia da informação como um diferencial estratégico para tomada de decisão da empresa X de pequeno porte},
  author    = {Dos Santos, Letícia da Silva and Duarte, Anderson Luiz},
  journal   = {Revista Magsul Multidisciplinar},
  volume    = {2},
  year      = {2024},
}

@article{a:desenvolvimento_sistema_2023,
  title     = {Desenvolvimento de sistema automatizado para manutenção preventiva de equipamentos no contexto da Indústria 4.0},
  author    = {Soares, Valesca},
  journal   = {Repositório de Trabalhos de Conclusão de Curso},
  year      = {2023},
}

@book{b:industria_v4_2018,
  title     = {Indústria 4.0: Conceitos e fundamentos},
  author    = {Sacomano, José Benedito and Gonçalves, Rodrigo Franco and Bonilla, Sílvia Helena and da Silva, Márcia Terra and Sátyro, Walter Cardoso},
  year      = {2018},
  publisher = {Editora Blucher},
  address   = {São Paulo - SP},
  note      = {ISBN:978-85-212-1371-0}
}

@article{a:manutencao_industriav4_2023,
  title     = {Manutenção Prescritiva: A evolução da manutenção na indústria 4.0},
  author    = {Machado, Cristofer Oliveira and Junior, Sérgio Condak Monteiro and Vinicius, Yuri and Celestino, Silva and de Andrade, José Antônio Bento and Junior, Adauri Silveira Rodrigues},
  journal   = {Revista Ibero-Americana de Humanidades, Ciências e Educação},
  volume    = {9},
  number    = {9},
  year      = {2023},
}

@article{a:guia_usinagem_2024,
  title     = {Elaboração de um guia didático para o ensino das aulas práticas em um Centro de Usinagem Educacional},
  author    = {De Moura Neto, Luís Gomes and De Sousa Antonino, Tiago},
  journal   = {Revista Semiárido de Visu},
  volume    = {12},
  number    = {1},
  year      = {2024}
}

@book{b:administracao_gestao_2024,
  title     = {Administração \& Gestão: um olhar para o futuro organizacional},
  author    = {Amorim, Carolina Belli and Cosso, Esther},
  year      = {2024},
  publisher = {AYA Editora},
  volume    = {7},
  address   = {Ponta Grossa},
  note      = {ISBN: 978-65-5379-484-9},
  note      = {DOI:10.47573/aya.5379.2.288}
}

@book{b:scrum2015,
    author     = {Cesar Brod},
    title      = {SCRUM: guia prático para projetos ágeis},
    publisher  = {Novatec Editora},
    address    = {São Paulo, SP},
    year       = {2015},
    volume     = {2},
    note       = {ISBN: 978-85-7522-441-0}
}

@article{a:sistema_oficmecanica_2021,
  title     = {Sistema de gestão para oficinas mecânicas},
  author    = {Silva, Matheus dos Santos Cunha},
  journal   = {Repositório de Trabalhos de Conclusão de Curso},
  year      = {2021}
}

@book{b:codeigniter4_2020,
    author     = {Jonathan Lamim},
    title      = {Desvendando CodeIgniter 4},
    publisher  = {Casa do Código e Alura},
    year       = {2020},
    address    = {São Paulo},
    note       = {ISBN: 978-65-86110-48-7}
}

@book{b:escolpo_projeto_2015,
    author = {Carlos Alberto Debastiani},
    title = {Definindo Escopo em Projeto de Software},
    publisher = {Novatec Editora} ,
    year = {2015},
    versao = {1},
    note   = {ISBN:978-85-7522-429-8}
}

@book{b:redes_2017,
  author    = {José Wagner Bungart},
  title     = {Tecnologia da informação - Redes de computadores: Fundamentos e protocolos},
  publisher  = {Editora SESI - Serviço Social da Indústria},
  year      = {2017}
}

@article{a:gestao_inovacao_2024,
  author  = {Presleyson Lima and Luiz Maia},
  title   = {Modelos de Gestão da Inovação Tecnológica para Pequenas e Médias Empresas de Tecnologia da Informação e Comunicação},
  journal = {Revista Americana de Empreendedorismo e Inovação},
  volume  = {6},
  number  = {2},
  year    = {2024},
}

@article{a:mvp_2023,
  title={Aplicação do Mínimo Produto Viável para Gerenciamento da Manutenção de uma Empresa Metalúrgica de São Luís-MA},
  author={Bernal, Fábio Souza Martin},
  year={2023},
  publisher={Universidade Federal do Maranhão}
}

@misc{m:codeigniter4.5.4,
  author       = {Framework Codeigniter},
  title        = {Codeigniter 4.5.4},
  howpublished = {\url{https://codeigniter.com/user_guide/intro/index.html}},
  year         = {2024},
  note         = {Acessado em: 07 Agosto 2024}
}

@misc{m:fig_engrenagem,
    author = {Flaticon},
    title = {Imagem engrenagem},
    year = {2024},
    note = {\url{https://www.flaticon.com/br/icone-gratis/engrenagem_481271}},
    note = {Acessado em: 8 de Agosto de 2024}
}

@article{a:api_redes_industria_v4_2024,
  title={Implementação de uma API para integração digital entre uma planta de manufatura avançada e uma fábrica modelo 4.0},
  author={dos Santos, João Vitor Mendes Pinto},  
  year={2024},                      
  publisher={SENAI CIMATEC}
}

@article{a:osi_tcpip_2024,
  title={Desenvolvimento de protótipo didático de aplicação do protocolo de rede Modbus RTU para controle de temperatura},
  author={Miranda, Caroline Laura Bagatini and outros},
  year={2024},
  publisher={Joinville, SC}
}

@misc{m:figs_tornos,
    author = {Romi S.A},
    title = {Categoria de máquina-ferramenta de usinagem},
    year = {2024},
    howpublished = {\url{https://www.romi.com/categoria/maquinas-ferramenta/}},
    note = {Acessado em: 8 de Agosto de 2024}
}

@book{b:usinagem_2015,
  title={Teoria da usinagem dos materiais},
  author={Machado, Álisson Rocha and Abrão, Alexandre Mendes and Coelho, Reginaldo Teixeira and da Silva, Márcio Bacci},
  year={2015},
  publisher={Editora Blucher},
  note = {ISBN: 978-85-212-0846-6}
}

@article{a:torno_cnc_2022,
  title={TORNO CNC: evolução, características e importância para a usinagem},
  author={da Silva, Sandro Oliveira and Reis Filho, Ramilio Ramalho},
  journal={Revista Interface Tecnológica},
  volume={19},
  number={1},
  pages={313--326},
  year={2022}
}

%--- ADICIONAIS -----

@book{b:AI_Alan_Turing_2023,
  title={Revisitando o Teste de Turing: An{\'a}lises e consequ{\^e}ncias},
  author={Gomes, Victor Pereira},
  year={2023},
  publisher={Papel da Palavra},
  note={ISBN: 978-65-85626-72-9}
}

@article{a:chat_gpt_2023,
  title={Impacto do Chat GPT na sociedade},
  author={Soares, Margarida},
  journal={The Trends Hub},
  number={3},
  year={2023}
}

@article{a:estudo_ia_2024,
  title={O uso da Intelig{\^e}ncia Artificial na Educa{\c{c}}{\~a}o e seus benef{\'\i}cios: uma revis{\~a}o explorat{\'o}ria e bibliogr{\'a}fica},
  author={Cardoso, F{\'a}bio Santos and da Silva Pereira, Nat{\'a}lia and Braggion, Rodrigo C{\'e}sar and Chaves, Paloma and Andrioli, Mary},
  journal={Revista Ciência em Evid{\^e}ncia},
  volume={4},
  number={FC},
  pages={e023002--e023002},
  year={2023}
}

@article{frameworks2024,
  title={Maximizando a efici{\^e}ncia de projetos Web: Uma an{\'a}lise da influ{\^e}ncia dos frameworks no desempenho},
  author={Dal Santo da Luz, Thiago and Sieben, Jackson and Sequeira, Jair Jos{\'e} and Amaral, Amoz Emanuel Moitinho},
  year={2024}
}